% zdroj na webe
@misc{Crossplatform,
	author = "ERSI laboratory, Sidi Mohamed Ben Abdelah University, Fez, Morocco",
	title = "Cross platform approach for mobile application development: A survey",
	howpublished = "\url{https://ieeexplore.ieee.org/abstract/document/7479278}",
}
@misc{Java,
	author = "Lukáš Faltýnek",
	title = "Java – dnes při šálku dobré kávy",
	howpublished = "\url{https://www.linuxexpres.cz/praxe/java-dnes-pri-salku-dobre-kavy}",
}